@article{rummikub_complexity,
  author    = {E. de Jong and J. Uiterwijk},
  title     = {Rummikub is NP-complete},
  journal   = {ICGA Journal},
  volume    = {37},
  number    = {3},
  pages     = {151--157},
  year      = {2014}
}

@book{winston_ops_research,
  author    = {Wayne L. Winston},
  title     = {Operations Research: Applications and Algorithms},
  publisher = {Cengage Learning},
  year      = {2021},
  edition   = {5th}
}

@misc{gurobi_optimizer,
  author    = {Gurobi Optimization, LLC},
  title     = {Gurobi Optimizer Reference Manual},
  year      = {2024},
  note      = {\url{https://www.gurobi.com}}
}

@misc{or_tools,
  author    = {Google},
  title     = {OR-Tools: Operations Research Tools},
  year      = {2024},
  note      = {\url{https://developers.google.com/optimization}}
}

@article{games_ai,
  author    = {Michael Buro},
  title     = {From Simple Features to Sophisticated Evaluation: A Practical Guide to AI in Games},
  journal   = {AI Magazine},
  volume    = {33},
  number    = {3},
  pages     = {85--95},
  year      = {2012}
}
