@article{einstein1921relativity,
  author = {Albert Einstein},
  title = {The Foundation of the General Theory of Relativity},
  journal = {Annalen der Physik},
  year = {1921},
  volume = {49},
  pages = {769--822},
  doi = {10.1000/relativity1921}
}

@book{curie1935radioactivity,
  author = {Marie Curie},
  title = {Radioactivity and Its Applications},
  publisher = {Paris University Press},
  year = {1935},
  doi = {10.1000/radio1935}
}

@article{hawking1974blackholes,
  author = {Stephen Hawking},
  title = {Black Hole Explosions?},
  journal = {Nature},
  year = {1974},
  volume = {248},
  pages = {30--31},
  doi = {10.1000/blackholes1974}
}

@article{newton1687principia,
  author = {Isaac Newton},
  title = {Philosophi{\ae} Naturalis Principia Mathematica},
  journal = {Royal Society},
  year = {1687},
  doi = {10.1000/principia1687}
}

@book{tesla1900wireless,
  author = {Nikola Tesla},
  title = {The Problem of Increasing Human Energy},
  publisher = {Century Illustrated Magazine},
  year = {1900},
  doi = {10.1000/tesla1900}
}

@article{gutierrez2025lorem,
  author = {Luis A. Gutierrez-Rodriguez},
  title = {Aplicaciones prácticas de Lorem Ipsum en plantillas LaTeX},
  journal = {Revista de Ciencia y Tecnología},
  year = {2025},
  volume = {12},
  number = {2},
  pages = {100--110},
  doi = {10.1000/lipsum2025}
}
