@article{den2006solving,
  title={Solving Rummikub configurations by integer programming},
  author={Den Hertog, Dick and Hulshof, Jeroen},
  journal={INFORMS Journal on Computing},
  volume={18},
  number={4},
  pages={522--531},
  year={2006},
  publisher={INFORMS}
}

@misc{rummikub_complexity,
  title={The complexity of Rummikub},
  author={De Bondt, Michiel},
  year={2018},
  note={\url{https://arxiv.org/abs/1806.06445}}
}
@misc{or_tools,
  author    = {Google},
  title     = {OR-Tools: Operations Research Tools},
  year      = {2024},
  note      = {\url{https://developers.google.com/optimization}}
}


